% http://www.citationmachine.net/apa/cite-a-book

@online{git,
    author = "Wikipedia Contributors",
    title = "Git",
    url  = "https://en.wikipedia.org/w/index.php?title=Git&oldid=870432325",
    urldate = {2018-12-06},
    keywords = "git"
}
